%% --- 90/2012 ---

@misc{90/2012p1-2,
    title        = {Zákony pro lidi.cz. § 1 odst. 2 zákona č. 90/2012 Sb., o obchodních společnostech a družstvech (zákon o obchodních korporacích)},
    author       = {ČESKO},
    year         = {2012},
    howpublished = {online},
    note         = {Dostupné z: \url{https://www.zakonyprolidi.cz/cs/2012-90\#p1-2}},
    keywords     = "law"
}

@misc{90/2012p6,
    title        = {Zákony pro lidi.cz. § 6 zákona č. 90/2012 Sb., o obchodních společnostech a družstvech (zákon o obchodních korporacích)},
    author       = {ČESKO},
    year         = {2012},
    howpublished = {online},
    note         = {Dostupné z: \url{https://www.zakonyprolidi.cz/cs/2012-90\#p6}},
    keywords     = "law"
}

@misc{90/2012p8,
    title        = {Zákony pro lidi.cz. § 8 zákona č. 90/2012 Sb., o obchodních společnostech a družstvech (zákon o obchodních korporacích)},
    author       = {ČESKO},
    year         = {2012},
    howpublished = {online},
    note         = {Dostupné z: \url{https://www.zakonyprolidi.cz/cs/2012-90\#p8}},
    keywords     = "law"
}

@misc{90/2012p8-1,
    title        = {Zákony pro lidi.cz. § 8 odst. 1 zákona č. 90/2012 Sb., o obchodních společnostech a družstvech (zákon o obchodních korporacích)},
    author       = {ČESKO},
    year         = {2012},
    howpublished = {online},
    note         = {Dostupné z: \url{https://www.zakonyprolidi.cz/cs/2012-90\#p8-1}},
    keywords     = "law"
}

@misc{90/2012p9-1,
    title        = {Zákony pro lidi.cz. § 9 odst. 1 zákona č. 90/2012 Sb., o obchodních společnostech a družstvech (zákon o obchodních korporacích)},
    author       = {ČESKO},
    year         = {2012},
    howpublished = {online},
    note         = {Dostupné z: \url{https://www.zakonyprolidi.cz/cs/2012-90\#p9-1}},
    keywords     = "law"
}

@misc{90/2012p11-1,
    title        = {Zákony pro lidi.cz. § 11 odst. 1 zákona č. 90/2012 Sb., o obchodních společnostech a družstvech (zákon o obchodních korporacích)},
    author       = {ČESKO},
    year         = {2012},
    howpublished = {online},
    note         = {Dostupné z: \url{https://www.zakonyprolidi.cz/cs/2012-90\#p11}},
    keywords     = "law"
}

@misc{90/2012p15,
    title        = {Zákony pro lidi.cz. § 15 zákona č. 90/2012 Sb., o obchodních společnostech a družstvech (zákon o obchodních korporacích)},
    author       = {ČESKO},
    year         = {2012},
    howpublished = {online},
    note         = {Dostupné z: \url{https://www.zakonyprolidi.cz/cs/2012-90\#p15}},
    keywords     = "law"
}

@misc{90/2012p44-1,
    title        = {Zákony pro lidi.cz. § 44 odst. 1 zákona č. 90/2012 Sb., o obchodních společnostech a družstvech (zákon o obchodních korporacích)},
    author       = {ČESKO},
    year         = {2012},
    howpublished = {online},
    note         = {Dostupné z: \url{https://www.zakonyprolidi.cz/cs/2012-90\#p44-1}},
    keywords     = "law"
}

@misc{90/2012p96-1,
    title        = {Zákony pro lidi.cz. § 96 odst. 1 zákona č. 90/2012 Sb., o obchodních společnostech a družstvech (zákon o obchodních korporacích)},
    author       = {ČESKO},
    year         = {2012},
    howpublished = {online},
    note         = {Dostupné z: \url{https://www.zakonyprolidi.cz/cs/2012-90\#p96-1}},
    keywords     = "law"
}

@misc{90/2012p118-1,
    title        = {Zákony pro lidi.cz. § odst. 1 118 zákona č. 90/2012 Sb., o obchodních společnostech a družstvech (zákon o obchodních korporacích)},
    author       = {ČESKO},
    year         = {2012},
    howpublished = {online},
    note         = {Dostupné z: \url{https://www.zakonyprolidi.cz/cs/2012-90\#p118-1}},
    keywords     = "law"
}

@misc{90/2012p132-1,
    title        = {Zákony pro lidi.cz. § 132 odst. 1 zákona č. 90/2012 Sb., o obchodních společnostech a družstvech (zákon o obchodních korporacích)},
    author       = {ČESKO},
    year         = {2012},
    howpublished = {online},
    note         = {Dostupné z: \url{https://www.zakonyprolidi.cz/cs/2012-90\#p132-1}},
    keywords     = "law"
}

@misc{90/2012p190-2,
    title        = {Zákony pro lidi.cz. § 190 odst. 2 zákona č. 90/2012 Sb., o obchodních společnostech a družstvech (zákon o obchodních korporacích)},
    author       = {ČESKO},
    year         = {2012},
    howpublished = {online},
    note         = {Dostupné z: \url{https://www.zakonyprolidi.cz/cs/2012-90\#p190-2}},
    keywords     = "law"
}

@misc{90/2012p243-1,
    title        = {Zákony pro lidi.cz. § 243 odst. 1 zákona č. 90/2012 Sb., o obchodních společnostech a družstvech (zákon o obchodních korporacích)},
    author       = {ČESKO},
    year         = {2012},
    howpublished = {online},
    note         = {Dostupné z: \url{https://www.zakonyprolidi.cz/cs/2012-90\#p243}},
    keywords     = "law"
}

@misc{90/2012p246,
    title        = {Zákony pro lidi.cz. § 246 zákona č. 90/2012 Sb., o obchodních společnostech a družstvech (zákon o obchodních korporacích)},
    author       = {ČESKO},
    year         = {2012},
    howpublished = {online},
    note         = {Dostupné z: \url{https://www.zakonyprolidi.cz/cs/2012-90\#p246}},
    keywords     = "law"
}

@misc{90/2012p246-1,
    title        = {Zákony pro lidi.cz. § 246 odst. 1 zákona č. 90/2012 Sb., o obchodních společnostech a družstvech (zákon o obchodních korporacích)},
    author       = {ČESKO},
    year         = {2012},
    howpublished = {online},
    note         = {Dostupné z: \url{https://www.zakonyprolidi.cz/cs/2012-90\#p246-1}},
    keywords     = "law"
}

@misc{90/2012p256-1,
    title        = {Zákony pro lidi.cz. § 256 odst. 1 zákona č. 90/2012 Sb., o obchodních společnostech a družstvech (zákon o obchodních korporacích)},
    author       = {ČESKO},
    year         = {2012},
    howpublished = {online},
    note         = {Dostupné z: \url{https://www.zakonyprolidi.cz/cs/2012-90\#p256}},
    keywords     = "law"
}

%% --- 89/2012 ---

@misc{89/2012p127-1,
    title        = {Zákony pro lidi.cz. § 127 odst. 1 zákona č. 89/2012 Sb., o obchodních společnostech a družstvech (zákon o obchodních korporacích)},
    author       = {ČESKO},
    year         = {2012},
    howpublished = {online},
    note         = {Dostupné z: \url{https://www.zakonyprolidi.cz/cs/2012-89\#p127}},
    keywords     = "law"
}

@misc{89/2012p185,
    title        = {Zákony pro lidi.cz. § 127 zákona č. 89/2012 Sb., o obchodních společnostech a družstvech (zákon o obchodních korporacích)},
    author       = {ČESKO},
    year         = {2012},
    howpublished = {online},
    note         = {Dostupné z: \url{https://www.zakonyprolidi.cz/cs/2012-89\#p185}},
    keywords     = "law"
}

@misc{89/2012p168-1,
    title        = {Zákony pro lidi.cz. § 168 odst. 1 zákona č. 89/2012 Sb., o obchodních společnostech a družstvech (zákon o obchodních korporacích)},
    author       = {ČESKO},
    year         = {2012},
    howpublished = {online},
    note         = {Dostupné z: \url{https://www.zakonyprolidi.cz/cs/2012-89\#p168-1}},
    keywords     = "law"
}

@misc{89/2012p241-1,
    title        = {Zákony pro lidi.cz. § 241 odst. 1 zákona č. 89/2012 Sb., o obchodních společnostech a družstvech (zákon o obchodních korporacích)},
    author       = {ČESKO},
    year         = {2012},
    howpublished = {online},
    note         = {Dostupné z: \url{https://www.zakonyprolidi.cz/cs/2012-89\#p241-1}},
    keywords     = "law"
}

@misc{89/2012p420,
    title        = {Zákony pro lidi.cz. § 420 odst. 1 zákona č. 89/2012 Sb., o obchodních společnostech a družstvech (zákon o obchodních korporacích)},
    author       = {ČESKO},
    year         = {2012},
    howpublished = {online},
    note         = {Dostupné z: \url{https://www.zakonyprolidi.cz/cs/2012-89\#p420}},
    keywords     = "law"
}

@misc{89/2012p420-2,
    title        = {Zákony pro lidi.cz. § 420 odst. 2 zákona č. 89/2012 Sb., o obchodních společnostech a družstvech (zákon o obchodních korporacích)},
    author       = {ČESKO},
    year         = {2012},
    howpublished = {online},
    note         = {Dostupné z: \url{https://www.zakonyprolidi.cz/cs/2012-89\#p420-2}},
    keywords     = "law"
}

@misc{89/2012p421,
    title        = {Zákony pro lidi.cz. § 421 zákona č. 89/2012 Sb., o obchodních společnostech a družstvech (zákon o obchodních korporacích)},
    author       = {ČESKO},
    year         = {2012},
    howpublished = {online},
    note         = {Dostupné z: \url{https://www.zakonyprolidi.cz/cs/2012-89\#p421}},
    keywords     = "law"
}

@misc{89/2012p423,
    title        = {Zákony pro lidi.cz. § 423 zákona č. 89/2012 Sb., o obchodních společnostech a družstvech (zákon o obchodních korporacích)},
    author       = {ČESKO},
    year         = {2012},
    howpublished = {online},
    note         = {Dostupné z: \url{https://www.zakonyprolidi.cz/cs/2012-89\#p423}},
    keywords     = "law"
}

@misc{89/2012p502,
    title        = {Zákony pro lidi.cz. § 502 zákona č. 89/2012 Sb., o obchodních společnostech a družstvech (zákon o obchodních korporacích)},
    author       = {ČESKO},
    year         = {2012},
    howpublished = {online},
    note         = {Dostupné z: \url{https://www.zakonyprolidi.cz/cs/2012-89\#p502}},
    keywords     = "law"
}

%% --- 304/2013 ---

@misc{304/2013p48,
    title        = {Zákony pro lidi.cz. § 48 zákona č. 304/2013 Sb., o veřejných rejstřících právnických a fyzických osob},
    author       = {ČESKO},
    year         = {2013},
    howpublished = {online},
    note         = {Dostupné z: \url{https://www.zakonyprolidi.cz/cs/2013-304\#p48}},
    keywords     = "law"
}
