%
%  Vzor bibliografické databáze pro automatickou tvorbu seznamu referencí
%  pomocí BibTeXu
%
%  POZOR:
%
%    *  Písmena v názvech publikací, jež je třeba tisknout vždy velká, se musejí psát
%       do složených závorek ({T}hailand, {HIV})
%
%  ===========================================================================

@book{kreitner1998organizational,
  title     = {Organizational behavior: Key concepts, skills \& best practices},
  author    = {Kinicki, Angelo and Kreitner, Robert},
  year      = {1998},
  publisher = {McGraw-Hill/Irwin Columbus, OH}
}

@misc{robbins1998organizational,
  title     = {Organizational behavior: Concepts, controversies, applications},
  author    = {Robbins, Stephen P and others},
  year      = {1998},
  publisher = {Prentice-Hall Englewood Cliffs}
}


@book{nakonecny1997encyklopedie,
  title     = {Encyklopedie obecné psychologie},
  author    = {Nakonečný, Milan},
  year      = {1997},
  publisher = {Czech Institute of Egyptology Charles University}
}

@book{nakonecny2004motivace,
  title     = {Motivace lidského chování},
  author    = {Nakonečný, Milan},
  year      = {2004},
  publisher = {Academia-nakladatelství Akademie věd ČR}
}

@book{provaznik2004motivace,
  title     = {Motivace pracovního jednání},
  author    = {Provazník, Vladimír and Komárková, Růžena},
  year      = {2004},
  publisher = {Oeconomica}
}

@book{belohlavek1996organizacni,
  title     = {Organizační chování, 1. vyd.},
  author    = {Bělohlávek, František},
  year      = {1996},
  publisher = {Olomouc: Rubico, 1996. 343, sISBN 80-85839-09-01}
}

@book{buchtova2003psychosomatika,
  title     = {Člověk-psychosomatická bytost. K problému lidské sebereflexe, 3. vydání},
  author    = {Buchtová, Božena},
  year      = {2003},
  publisher = {Brno: Vydavatelství MU, 2003. 231 s. skripta.}
}

@book{armstrong2007rizeni,
 title     = {Řízení lidských zdrojů: nejnovější trendy a postupy, 10. vydání},
 author    = {Armstrong, M.},
 year      = {2007},
 publisher = {Praha: Grada, dostupné z: \url{http://www.digitalniknihovna.cz/mzk/uuid/uuid:28d5d030-78ab-11e5-99af-005056827e52.}}
}

@book{macey2009employee,
  title     = {Employee engagement: Tools for analysis, practice, and competitive advantage},
  author    = {Macey, William H and Schneider, Benjamin and Barbera, Karen M and Young, Scott A},
  year      = {2009},
  publisher = {John Wiley \& Sons}
}

@misc{herzberg1966work,
  title     = {Work and the nature of man.},
  author    = {Herzberg, Frederick I},
  year      = {1966},
  publisher = {World}
}

%% DEFINICE

@misc{komodita,
  title        = {Komoditní zboží, výrobky (Commodity Goods)},
  author       = {ManagementMania},
  year         = {2018},
  howpublished = {online},
  note         = {Dostupné z: \url{https://managementmania.com/cs/komoditni-zbozi-vyrobky-commodity-goods}},
}

@misc{organizace,
  title        = {Organizace},
  author       = {ManagementMania},
  year         = {2011},
  howpublished = {online},
  note         = {Dostupné z: \url{https://managementmania.com/cs/organizace}},
}

@misc{incvsltd,
  title        = {The Difference Between Inc. & Ltd. & Co.},
  author       = {Elizabeth Layne},
  year         = {2019},
  howpublished = {online},
  note         = {Dostupné z: \url{https://smallbusiness.chron.com/difference-between-inc-ltd-co-38627.html}},
}

%% ONLINE

%% @misc{<>,
%% title        = {},
%% author       = {},
%% year         = {},
%% howpublished = {[online]},
%% note         = {Dostupné z: \url{}},
%% }

@misc{novinky2010island,
title        = {Výbuch islandské sopky v minulosti způsobil smrt desítek tisíc lidí a povodně},
author       = {Novinky.cz},
year         = {2010},
howpublished = {online},
note         = {Dostupné z: \url{ https://www.novinky.cz/zahranicni/evropa/clanek/vybuch-islandske-sopky-v-minulosti-zpusobil-smrt-desitek-tisic-lidi-a-povodne-32259 }},
}

@misc{akciove-indexy-na-maximu,
  title        = { Akciové indexy na historických maximech, ropa a zemědělské komodity zastavily svůj propad },
  author       = {Kurzy.cz},
  year         = {2019},
  howpublished = {[online]},
  note         = {Dostupné z: \url{https://www.kurzy.cz/zpravy/501443-akciove-indexy-na-historickych-maximech-ropa-a-zemedelske-komodity-zastavily-svuj-propad/}},
}

@misc{businessinfo/akciovaspol,
    title        = {Převody majetkové účasti v obchodních společnostech, Akciová společnost},
    author       = {Marek Doleček, BusinessInfo.cz},
    year         = {2018},
    howpublished = {online},
    note         = {Dostupné z: \url{https://www.businessinfo.cz/cs/clanky/prevody-majetkove-ucasti-v-obchodnich-spolecnostech-ppbi-50444.html\#!&chapter=2}},
    keywords="bib"
}

@misc{businessinfo/verejnaspol,
    title        = {Převody majetkové účasti v obchodních společnostech},
    author       = {Marek Doleček, BusinessInfo.cz},
    year         = {2018},
    howpublished = {online},
    note         = {Dostupné z: \url{https://www.businessinfo.cz/cs/clanky/prevody-majetkove-ucasti-v-obchodnich-spolecnostech-ppbi-50444.html\#!&chapter=4}},
    keywords="bib"
}

@misc{blackmonday,
  title        = {Černé pondělí 19. října 1987},
  author       = {Stanislav Volek, Partners Media, s.r.o},
  year         = {2002},
  howpublished = {online},
  note         = {Dostupné z: \url{https://www.penize.cz/nezamestnanost/15190-cerne-pondeli-19-rijna-1987}},
}

@misc{blackmonday-finexpert,
title        = {Černé pondělí},
author       = {Jan Oplatek},
year         = {2002},
howpublished = {online},
note         = {Dostupné z: \url{https://finexpert.e15.cz/cerne-pondeli}},
}

@misc{blackmonday-25-let,
title        = {Wall Street: 25 let od "Černého pondělí"},
author       = {Petr Novotný},
year         = {2009},
howpublished = {online},
note         = {Dostupné z: \url{https://www.investicniweb.cz/2009-10-19-22-let-od-cerneho-pondeli/}},
}

@misc{cnn2013americangenerationfacts,
title        = {American Generation Fast Facts},
author       = {CNN},
year         = {2013},
howpublished = {online},
note         = {Dostupné z: \url{https://edition.cnn.com/2013/11/06/us/baby-boomer-generation-fast-facts/index.html}},
}


@misc{forbes2019generationX,
title        = {The Undetected Influence of Generation X},
author       = {Martin Anna Sofia},
year         = {2019},
howpublished = {online},
note         = {Dostupné z: \url{https://www.forbes.com/sites/nextavenue/2016/09/13/the-undetected-influence-of-generation-x/\#183e6aad1efb}},
}

@misc{idnes2018generacezamestancu,
title        = {Jak vyzrát na pět generací zaměstnanců a udržet je v týmu},
author       = {Kateřina Hovorková, iDNES.cz},
year         = {2018},
howpublished = {online},
note         = {Dostupné z: \url{https://www.idnes.cz/finance/prace-a-podnikani/zamestnani-prace-generace-milenialove-spoluprace-motivace.A180312_113554_podnikani_kho}},
}

@misc{investopedia2019thegreatestgeneration,
title        = {The Greatest Generation},
author       = {Kagan Julia, Investopedia},
year         = {2019},
howpublished = {online},
note         = {Dostupné z: \url{ https://www.investopedia.com/terms/t/the_greatest_generation.asp }},
}

@misc{investopedia2019thegreatdepression,
title        = {The Great Depression},
author       = {Troy Segal, Investopedia},
year         = {2019},
howpublished = {online},
note         = {Dostupné z: \url{https://www.investopedia.com/terms/g/great_depression.asp}},
}

@misc{investopedia2019babyboomers,
title        = {Baby Boomers},
author       = {Jim Chapellow, Investopedia},
year         = {2019},
howpublished = {online},
note         = {Dostupné z: \url{https://www.investopedia.com/terms/b/baby_boomer.asp}},
}

@misc{krize2008,
title        = {Globální ekonomická krize v číslech a datech},
author       = {Váchal A., Jaroslav K., et al.},
year         = {2018},
howpublished = {online},
note         = {Dostupné z: \url{ https://zpravy.aktualne.cz/ekonomika/globalni-ekonomicka-krize-2008-v-datech-den-po-dni/}}
}

@misc{rezlerova2007generacey,
title        = {Příchod generace Y na trh práce},
author       = {Jaroslava Rezlerová, Hospodářské noviny},
year         = {2007},
howpublished = {online},
note         = {Dostupné z: \url{http://kariera.ihned.cz/c1-37310860-prichod}}
}


@article{borden1964marketingmix,
  title={the concept of the marketing mix},
  author={borden, neil h},
  journal={journal of advertising research},
  volume={4},
  number={2},
  pages={2--7},
  year={1964},
  publisher={citeseer}
}


%% --- BOOKs ---

@book{bedrnova1998psychologie,
  title     = {Psychologie a sociologie řízení},
  author    = {Bedrnová, Eva and Ivan Nový and et al.},
  year      = {1998},
  publisher = {Management press}
}

@book{bergh2012coolznacky,
  title     = {Jak cool značky zůstávají hot: marketing zaměřený na mladou "generaci Y"},
  author    = {BERGH, Joeri van den a Mattias BEHRER},
  year      = {2012},
  publisher = {Brno: BizBooks, 2012. ISBN 978-80-265-0002-5}
}

@book{clemente2004slovnikmarketingu,
  title     = {Slovník marketingu},
  author    = {CLEMENTE, Mark N},
  year      = {2004},
  publisher = {Brno: Computer Press, 2004. ISBN 80-251-0228-9}
}

@book{kahneman2011thinking,
  title={Thinking, fast and slow},
  author={Kahneman, Daniel},
  year={2011},
  publisher={Macmillan}
}


@book{kotler2009chaotika,
  title     = {Chaotika: řízení a marketing firmy v éře turbulencí},
  author    = {Kotler, Philip a Caslione, John A.},
  year      = {2009},
  publisher = {Brno: Computer Press, 2009. Business books. ISBN 978-80-251-2599-1}
}

@book{kotler2007marketingmanagement,
  title     = {Marketing management},
  author    = {Kotler, Philip and Keller, Kevin Lane},
  year      = {2007},
  publisher = {Praha: Grada, 2007. ISBN 978-80-247-1359-5}
}

@book{simon2009jaknakrizi,
  title={Jak na krizi: 33 okamžitých opatření pro vaši firmu},
  author={Simon, Hermann},
  year={2009},
  publisher={Management Press}
}

@book{obchodnikorporace/salachova,
  title={Obchodní korporace a jejich přeměny:(právní, účetní a daňové aspekty)},
  author={SALACHOVÁ, Bohumila and VÍTEK, B and GLÁSEROVÁ, J and others},
  year={2014},
  publisher={Ostrava: Key Publishing},
  keywords="bib"
}

@book{obchspolecnosti/pokorna/2002,
  title={Základy práva obchodních společností s příklady a otázkami},
  author={Pokorná, Jarmila},
  year={2002},
  publisher={Masarykova Univerzita},
  keywords="bib"
}

@book{obchspolecnosti/pokorna/2014,
  title={Obchodní spolecnosti a druzstva},
  author={Pokorná J. a col.},
  year={2014},
  publisher={Nakladatelství C. H. Beck},
  keywords="bib"
}

@book{obchkorporace/pokorna,
  title={Obchodní korporace a nekalá soutěž},
  author={Pokorná J., Večerková E., Pekárek M.},
  year={2015},
  publisher={Wolters Kluwer},
  keywords="bib"
}

@book{obchkorporacezakon/joskova,
  title={Zákon o obchodních korporacích},
  author={Josková L., Pravda P.},
  year={2015},
  publisher={Bookport},
  keywords="bib"
}